@article{Lee:2014ioa,
      author         = "Lee, Roman N.",
      title          = "{Reducing differential equations for multiloop master
                        integrals}",
      journal        = "JHEP",
      volume         = "04",
      year           = "2015",
      pages          = "108",
      doi            = "10.1007/JHEP04(2015)108",
      eprint         = "1411.0911",
      archivePrefix  = "arXiv",
      primaryClass   = "hep-ph",
      SLACcitation   = "%%CITATION = ARXIV:1411.0911;%%"
}

@article{Bauer:2000cp,
      author         = "Bauer, Christian W. and Frink, Alexander and Kreckel,
                        Richard",
      title          = "{Introduction to the GiNaC framework for symbolic
                        computation within the C++ programming language}",
      journal        = "J. Symb. Comput.",
      volume         = "33",
      year           = "2000",
      pages          = "1",
      eprint         = "cs/0004015",
      archivePrefix  = "arXiv",
      primaryClass   = "cs-sc",
      reportNumber   = "MZ-TH-00-17",
      SLACcitation   = "%%CITATION = CS/0004015;%%"
}

@article{Moser:1959,
    author           = "Moser, JÃ¼rgen",
    journal          = "{Mathematische Zeitschrift}",
    pages            = "{379-398}",
    title            = "{The Order of a Singularity in Fuchs' Theory}",
    volume           = "72",
    year             = "{1959/60}",
}

@misc{Lewis:fermat,
    author           = "Lewis, Robert H.",
    title            = "{Computer Algebra System Fermat}",
    url              = "{https://home.bway.net/lewis}",
    note             = "{Accessed: 2016-12-19}"
}

@misc{boost,
    title            = "{Boost C++ Libraries}",
    url              = "{https://www.boost.org}",
    note             = "{Accessed: 2016-12-19}"
}

@misc{pstreams,
    title            = "{PStreams}",
    url              = "{http://pstreams.sourceforge.net}",
    note             = "{Accessed: 2016-12-19}"
}

@article{Tkachov:1981wb,
      author         = "Tkachov, F. V.",
      title          = "{A Theorem on Analytical Calculability of Four Loop
                        Renormalization Group Functions}",
      journal        = "Phys. Lett.",
      volume         = "B100",
      year           = "1981",
      pages          = "65-68",
      doi            = "10.1016/0370-2693(81)90288-4",
      SLACcitation   = "%%CITATION = PHLTA,B100,65;%%"
}

@article{Chetyrkin:1981qh,
      author         = "Chetyrkin, K. G. and Tkachov, F. V.",
      title          = "{Integration by Parts: The Algorithm to Calculate beta
                        Functions in 4 Loops}",
      journal        = "Nucl. Phys.",
      volume         = "B192",
      year           = "1981",
      pages          = "159-204",
      doi            = "10.1016/0550-3213(81)90199-1",
      SLACcitation   = "%%CITATION = NUPHA,B192,159;%%"
}

@article{Kotikov:1990kg,
      author         = "Kotikov, A. V.",
      title          = "{Differential equations method: New technique for massive
                        Feynman diagrams calculation}",
      journal        = "Phys. Lett.",
      volume         = "B254",
      year           = "1991",
      pages          = "158-164",
      doi            = "10.1016/0370-2693(91)90413-K",
      reportNumber   = "ITF-90-31E",
      SLACcitation   = "%%CITATION = PHLTA,B254,158;%%"
}

@article{Kotikov:1991hm,
      author         = "Kotikov, A. V.",
      title          = "{Differential equations method: The Calculation of vertex
                        type Feynman diagrams}",
      journal        = "Phys. Lett.",
      volume         = "B259",
      year           = "1991",
      pages          = "314-322",
      doi            = "10.1016/0370-2693(91)90834-D",
      SLACcitation   = "%%CITATION = PHLTA,B259,314;%%"
}

@article{Kotikov:1991pm,
      author         = "Kotikov, A. V.",
      title          = "{Differential equation method: The Calculation of N point
                        Feynman diagrams}",
      journal        = "Phys. Lett.",
      volume         = "B267",
      year           = "1991",
      pages          = "123-127",
      doi            = "10.1016/0370-2693(91)90536-Y,
                        10.1016/0370-2693(92)91582-T",
      note           = "[Erratum: Phys. Lett.B295,409(1992)]",
      SLACcitation   = "%%CITATION = PHLTA,B267,123;%%"
}

@article{Henn:2013pwa,
      author         = "Henn, Johannes M.",
      title          = "{Multiloop integrals in dimensional regularization made
                        simple}",
      journal        = "Phys. Rev. Lett.",
      volume         = "110",
      year           = "2013",
      pages          = "251601",
      doi            = "10.1103/PhysRevLett.110.251601",
      eprint         = "1304.1806",
      archivePrefix  = "arXiv",
      primaryClass   = "hep-th",
      SLACcitation   = "%%CITATION = ARXIV:1304.1806;%%"
}

@article{Gituliar:2016vfa,
      author         = "Gituliar, O. and Magerya, V.",
      title          = "{Fuchsia and master integrals for splitting functions
                        from differential equations in QCD}",
      booktitle      = "{Proceedings, 13th DESY Workshop on Elementary Particle
                        Physics: Loops and Legs in Quantum Field Theory (LL2016):
                        Leipzig, Germany, April 24-29, 2016}",
      journal        = "PoS",
      volume         = "LL2016",
      year           = "2016",
      pages          = "030",
      eprint         = "1607.00759",
      archivePrefix  = "arXiv",
      primaryClass   = "hep-ph",
      reportNumber   = "IFJPAN-IV-2016-17",
      SLACcitation   = "%%CITATION = ARXIV:1607.00759;%%"
}

@article{Smirnov:2012gma,
      author         = "Smirnov, Vladimir A.",
      title          = "{Analytic tools for Feynman integrals}",
      journal        = "Springer Tracts Mod. Phys.",
      volume         = "250",
      year           = "2012",
      pages          = "1-296",
      doi            = "10.1007/978-3-642-34886-0",
      SLACcitation   = "%%CITATION = STPHB,250,1;%%"
}

@article{Binosi:2008ig,
      author         = "Binosi, D. and Collins, J. and Kaufhold, C. and Theussl,
                        L.",
      title          = "{JaxoDraw: A Graphical user interface for drawing Feynman
                        diagrams. Version 2.0 release notes}",
      journal        = "Comput. Phys. Commun.",
      volume         = "180",
      year           = "2009",
      pages          = "1709-1715",
      doi            = "10.1016/j.cpc.2009.02.020",
      eprint         = "0811.4113",
      archivePrefix  = "arXiv",
      primaryClass   = "hep-ph",
      reportNumber   = "ECT*-08-10",
      SLACcitation   = "%%CITATION = ARXIV:0811.4113;%%"
}

@article{Vermaseren:1994je,
      author         = "Vermaseren, J. A. M.",
      title          = "{Axodraw}",
      journal        = "Comput. Phys. Commun.",
      volume         = "83",
      year           = "1994",
      pages          = "45-58",
      doi            = "10.1016/0010-4655(94)90034-5",
      SLACcitation   = "%%CITATION = CPHCB,83,45;%%"
}


